%% ====== INTRO ======
% Deep boltzmann machines
@inproceedings{salakhutdinov2009deep,
  title=			"Deep boltzmann machines",
  author=			"Salakhutdinov, R. and Hinton, G.E.",
  booktitle=	"International Conference on Artificial Intelligence and Statistics",
  pages=			"448--455",
  year=				"2009"
}

% Stacked auto-encoder
@article{vincent2010stacked,
  title=			"Stacked denoising autoencoders: Learning useful representations in a deep network with a local denoising criterion",
  author=			"Vincent, P. and Larochelle, H. and Lajoie, I. and Bengio, Y. and Manzagol, P.A.",
  journal=		"The Journal of Machine Learning Research",
  volume=			"11",
  pages=			"3371--3408",
  year=				"2010",
  publisher=	"JMLR. org"
}

% CNN: 
@article{lecun1995convolutional,
  title=		"Convolutional networks for images, speech, and time series",
  author=		"LeCun, Y. and Bengio, Y.",
  journal=	"The handbook of brain theory and neural networks",
  volume=		"3361",
  number=		"10",
  year=			"1995"
}

% Alexnet Imagenet
@inproceedings{krizhevsky2012imagenet,
  title=			"Imagenet classification with deep convolutional neural networks",
  author=			"Krizhevsky, A. and Sutskever, I. and Hinton, G.E.",
  booktitle=	"Advances in neural information processing systems",
  pages=			"1097--1105",
  year=				"2012"
}

% CNN Cifar and Mnist
@article{hinton2012improving,
  title=			"Improving neural networks by preventing co-adaptation of feature detectors",
  author=			"Hinton, G.E. and Srivastava, N. and Krizhevsky, A. and Sutskever, I. and Salakhutdinov, R.",
  journal=		"arXiv preprint arXiv:1207.0580",
  year=				"2012"
}

% CNN self driving car
@article{huval2015empirical,
  title=			"An Empirical Evaluation of Deep Learning on Highway Driving",
  author=			"Huval, B. and Wang, T. and Tandon, S. and Kiske, J. and Song, W. and Pazhayampallil, J. and Andriluka, M. and Cheng-Yue, R. and Mujica, F. and Coates, A. and others",
  journal=		"arXiv preprint arXiv:1504.01716",
  year=				"2015"
}

% Difficulty of training DNN
@inproceedings{glorot2010understanding,
  title=			"Understanding the difficulty of training deep feedforward neural networks",
  author=			"Glorot, X. and Bengio, Y.",
  booktitle=	"International conference on artificial intelligence and statistics",
  pages=			"249--256",
  year=				"2010"
}

% Hand-craftedd feature generation
@article{hsiang2001embedded,
  title=			"Embedded video coding using invertible motion compensated 3-D subband/wavelet filter bank",
  author=			"Hsiang, S.T. and Woods, J.W.",
  journal=		"Signal Processing: Image Communication",
  volume=			"16",
  number=			"8",
  pages=			"705--724",
  year=				"2001",
  publisher=	"Elsevier"
}

% Group invariant scattering:
@article{mallat2012gis,
  title=			"Group Invariant Scattering",
  author=			"Mallat, S.", 
  journal=		"Communications in Pure and Applied Mathematics",
  volume=			"65",
  number=			"10",
  pages=			"1331--1398",
  year=				"Oct. 2012",
  publisher=	"Courant Institute of Mathematical Sciences, New York University"
}

% Scattering transform MNIST
@article{bruna2010classification,
  title=			"Classification with scattering operators",
  author=			"Bruna, J. and Mallat, S.",
  journal=		"arXiv preprint arXiv:1011.3023",
  year=				"2010"
}

% Scattering transform: Texture
@inproceedings{sifre2013rotation,
  title=			"Rotation, scaling and deformation invariant scattering for texture discrimination",
  author=			"Sifre, L. and Mallat, S.",
  booktitle=	"Computer Vision and Pattern Recognition (CVPR), 2013 IEEE Conference on",
  pages=			"1233--1240",
  year=				"2013",
  publisher=	"IEEE"
}

% One shot learning
@article{fei2006one,
  title=			"One-shot learning of object categories",
  author=			"Fei-Fei, L. and Fergus, R. and Perona, P.",
  journal=		"Pattern Analysis and Machine Intelligence, IEEE Transactions on",
  volume=			"28",
  number=			"4",
  pages=			"594--611",
  year=				"2006",
  publisher=	"IEEE"
}

% Generative vs disc 2:
@article{jordan2002discriminative,
  title=			"On discriminative vs. generative classifiers: A comparison of logistic regression and naive bayes",
  author=			"Jordan, A.",
  journal=		"Advances in neural information processing systems",
  volume=			"14",
  pages=			"841",
  year=				"2002"
}

% WHMT Crouse
@article{crouse1998wavelet,
  title=			"Wavelet-based statistical signal processing using hidden Markov models",
  author=			"Crouse, M.S. and Nowak, R.D. and Baraniuk, R.G.",
  journal=		"Signal Processing, IEEE Transactions on",
  volume=			"46",
  number=			"4",
  pages=			"886--902",
  year=				"1998",
  publisher=	"IEEE"
}

% DCWHMT Kingsbury
@article{kingsbury2001complex,
  title=			"Complex wavelets for shift invariant analysis and filtering of signals",
  author=			"Kingsbury, N.",
  journal=		"Applied and computational harmonic analysis",
  volume=			"10",
  number=			"3",
  pages=			"234--253",
  year=				"2001",
  publisher=	"Elsevier"
}

%% ===== Scattering convolutional networks =====
% SCN Bruna
@article{bruna2013invariant,
  title=			"Invariant scattering convolution networks",
  author=			"Bruna, J. and Mallat, S.",
  journal=		"Pattern Analysis and Machine Intelligence, IEEE Transactions on",
  volume=			"35",
  number=			"8",
  pages=			"1872--1886",
  year=				"2013",
  publisher=	"IEEE"
}
% SCN Bruna
% Bruna 3
@phdthesis{bruna2013scattering,
  title=			"Scattering representations for recognition",
  author=			"Bruna, J.",
  year=				"2013",
  school=			"Ecole Polytechnique X"
}


% SIFT
@incollection{grabner2006fast,
  title=			"Fast approximated SIFT",
  author=			"Grabner, M. and Grabner, H. and Bischof, H.",
  booktitle=	"Computer Vision--ACCV 2006",
  pages=			"918--927",
  year=				"2006",
  publisher=	"Springer"
}

% DAISY
@inproceedings{winder2009picking,
  title=			"Picking the best daisy",
  author=			"Winder, S. and Hua, G. and Brown, M.",
  booktitle=	"Computer Vision and Pattern Recognition, 2009. CVPR 2009. IEEE Conference on",
  pages=			"178--185",
  year=				"2009",
  publisher=	"IEEE"
}

% SCN view as CNN
@article{oyallon2014deep,
  title=			"Deep roto-translation scattering for object classification",
  author=			"Oyallon, E. and Mallat, S.",
  journal=		"arXiv preprint arXiv:1412.8659",
  year=				"2014"
}

% SCN best order
@inproceedings{anden2011multiscale,
  title=			"Multiscale Scattering for Audio Classification.",
  author=			"And{\'e}n, J. and Mallat, S.",
  booktitle=	"ISMIR",
  pages=			"657--662",
  year=				"2011"
}


%% ====== SCHMT ======
% Smoothed Upward-downward
@article{durand2004computational,
  title=			"Computational methods for hidden Markov tree models-An application to wavelet trees",
  author=			"Durand, J.B. and Goncalves, P. and Gu{\'e}don, Y.",
  journal=		"Signal Processing, IEEE Transactions on",
  volume=			"52",
  number=			"9",
  pages=			"2551--2560",
  year=				"2004",
  publisher=			"IEEE"
}

% HMT MAP
@article{durand2001statistical,
  title=			"Statistical inference for hidden Markov tree models and application to wavelet trees",
  author=			"Durand, J.B. and Gon{\c{c}}alves, P.",
  year=				"2001"
}

%% ===== EXPERIMENTS ======
% MNIST
@ONLINE{lecun2016web,
	title =					"Personal webpage: MNIST",
	author = 				"LeCun, Y.",
	year=						"2016",
	howpublished = 	"\url{http://yann.lecun.com/exdb/mnist/}",
	note = 					"Accessed: 18-01-2016"
}

% EM cv issues
@article{moon1996expectation,
  title=			"The expectation-maximization algorithm",
  author=			"Moon, T.K.",
  journal=		"Signal processing magazine, IEEE",
  volume=			"13",
  number=			"6",
  pages=			"47--60",
  year=				"1996",
  publisher=	"IEEE"
}


http://www.nada.kth.se/cvap/databases/kth-tips/credits.html
@ONLINE{KTH2016web,
	title = 				"Personal webpage: KTH-TIPS dataset",
	author = 				"Hayman, E. and Caputo, B.",
	year=						"2016",
	howpublished =	"\url{http://www.nada.kth.se/cvap/databases/kth-tips/index.html}",
	note = 					"Accessed: 18-01-2016"
}

%% ===== CONCLUSION =====
% Variational HMM:
@article{wainwright2008graphical,
  title="Graphical models, exponential families, and variational inference",
  author="Wainwright, M.J. and Jordan, M.I.",
  journal="Foundations and Trends{\textregistered} in Machine Learning",
  volume="1",
  number="1-2",
  pages="1--305",
  year="2008",
  publisher="Now Publishers Inc."
}
